<?xml version="1.0" encoding="UTF-8"?><collection xmlns="http://www.loc.gov/MARC21/slim"><record><leader>00615nam--2200181-i-4500</leader><controlfield tag="001">000046036</controlfield><controlfield tag="002">20161230</controlfield><controlfield tag="005">20161230201045</controlfield><controlfield tag="008">060222s1000------------r-----000-0-ger-d</controlfield><datafield ind1=" " ind2=" " tag="040"><subfield code="a">IFIN-HH</subfield></datafield><datafield ind1=" " ind2=" " tag="041"><subfield code="a">ger</subfield></datafield><datafield ind1=" " ind2=" " tag="080"><subfield code="a">539.126.34(043)</subfield></datafield><datafield ind1="1" ind2=" " tag="100"><subfield code="a">Ungerer, Herbert</subfield></datafield><datafield ind1="1" ind2="0" tag="245"><subfield code="a">Losungsmethoden der relativistischen bethe-salpeter-gleichung fur regulare und singulare potentiale und bindungszustande und numerische losungen fur spezielle pion-pion-systeme</subfield><subfield code="b">Disseration</subfield><subfield code="c">Herbert ungerer</subfield></datafield><datafield ind1=" " ind2=" " tag="260"><subfield code="a">Tubingen</subfield><subfield code="b">Universitat</subfield><subfield code="c">1972</subfield></datafield><datafield ind1=" " ind2=" " tag="300"><subfield code="a">122P</subfield></datafield><datafield ind1=" " ind2=" " tag="852"><subfield code="a">78345</subfield><subfield code="c">539.131</subfield></datafield><datafield ind1=" " ind2=" " tag="CAT"><subfield code="a">Sys</subfield><subfield code="c">20120314</subfield><subfield code="h">124906</subfield></datafield></record></collection>